<?xml version="1.0" encoding="UTF-8"?>
<record xmlns="http://www.loc.gov/MARC21/slim" xmlns:xsi="http://www.w3.org/2001/XMLSchema-instance" xsi:schemaLocation="http://www.loc.gov/MARC21/slim http://www.loc.gov/standards/marcxml/schema/MARC21slim.xsd">
<leader>     nam a2200325 a 4500</leader>
<controlfield tag="001">001629821</controlfield>
<controlfield tag="003">NNU</controlfield>
<controlfield tag="005">20061010170814.0</controlfield>
<controlfield tag="008">000619s1949    ua fh    b    001 0 arard</controlfield>
<datafield tag="010" ind1=" " ind2=" ">
<subfield code="a">78242937 /NE</subfield>
</datafield>
<datafield tag="035" ind1="9" ind2=" ">
<subfield code="a">NYUb12157154</subfield>
</datafield>
<datafield tag="035" ind1=" " ind2=" ">
<subfield code="a">(CStRLIN)NYUG00-B1935</subfield>
</datafield>
<datafield tag="040" ind1=" " ind2=" ">
<subfield code="a">DLC</subfield>
<subfield code="c">DLC</subfield>
<subfield code="d">CU-SB</subfield>
<subfield code="d">NNU</subfield>
</datafield>
<datafield tag="043" ind1=" " ind2=" ">
<subfield code="a">a-ye---</subfield>
</datafield>
<datafield tag="050" ind1="0" ind2="0">
<subfield code="a">CS1128.Y4</subfield>
<subfield code="b">H3</subfield>
</datafield>
<datafield tag="066" ind1=" " ind2=" ">
<subfield code="c">(3</subfield>
</datafield>
<datafield tag="090" ind1=" " ind2=" ">
<subfield code="a">CS1128.Y4</subfield>
<subfield code="b">H3</subfield>
</datafield>
<datafield tag="100" ind1="1" ind2=" ">
<subfield code="6">880-01</subfield>
<subfield code="a">Hamdānī, al-Ḥasan ibn Aḥmad,</subfield>
<subfield code="d">d. 945.</subfield>
</datafield>
<datafield tag="240" ind1="1" ind2="0">
<subfield code="6">880-02</subfield>
<subfield code="a">Iklīl.</subfield>
<subfield code="n">Juzʼ 10</subfield>
</datafield>
<datafield tag="245" ind1="1" ind2="3">
<subfield code="6">880-03</subfield>
<subfield code="a">al-Iklīl min akhbār al-Yaman wa-ansāb Ḥimyar.</subfield>
<subfield code="n">al-Kitāb al-ʻāshir :</subfield>
<subfield code="b">fī maʻārif Hamdān wa-ansābihā wa-ʻuyūn akhbārihā /</subfield>
<subfield code="c">taṣnīf Lisān al-Yaman Abī Muḥammad al-Ḥasan ibn Aḥmad ibn Yaʻqūb al-Hamdanī ; ḥaqqaqahu wa-ʻallaqa ḥawāshiyahu wa-waqafa ʻalá ṭabʻihi Muḥibb al-Dīn al-Khaṭīb.</subfield>
</datafield>
<datafield tag="260" ind1=" " ind2=" ">
<subfield code="6">880-04</subfield>
<subfield code="a">al-Qāhirah :</subfield>
<subfield code="b">al-Maṭbaʻah al-Salafīyah wa-Maktabatuhā,</subfield>
<subfield code="c">1368 [1949]</subfield>
</datafield>
<datafield tag="300" ind1=" " ind2=" ">
<subfield code="a">20, 376 p., [1] leaf of plates :</subfield>
<subfield code="b">facsim. ;</subfield>
<subfield code="c">22 cm.</subfield>
</datafield>
<datafield tag="504" ind1=" " ind2=" ">
<subfield code="a">Includes bibliographical references and indexes.</subfield>
</datafield>
<datafield tag="651" ind1=" " ind2="0">
<subfield code="a">Yemen (Republic)</subfield>
<subfield code="v">Genealogy</subfield>
<subfield code="v">Early works to 1800.</subfield>
</datafield>
<datafield tag="700" ind1="1" ind2=" ">
<subfield code="6">880-05</subfield>
<subfield code="a">Khaṭīb, Muḥibb al-Dīn.</subfield>
</datafield>
<datafield tag="880" ind1="1" ind2=" ">
<subfield code="6">100-01/</subfield>
<subfield code="a">همداني، الحسن بن أحمد.</subfield>
</datafield>
<datafield tag="880" ind1="1" ind2="0">
<subfield code="6">240-02/</subfield>
<subfield code="a">اكليل.</subfield>
<subfield code="n">جزء ١٠.</subfield>
</datafield>
<datafield tag="880" ind1="1" ind2="2">
<subfield code="6">245-03/</subfield>
<subfield code="a">الاكليا من أخبار اليمن وأنساب حمير.</subfield>
<subfield code="n">الكتاب العشر ؛</subfield>
<subfield code="b">في معارف همدان وأنسابها وعيون أخبرها /</subfield>
<subfield code="c">تصنيف لسان اليمن أبي محمد الحسن بن أحمد بن يعقوب الهمداني ؛ خققه وعلف حواشية ووقف على طبعة محب الدين الخطيب.</subfield>
</datafield>
<datafield tag="880" ind1=" " ind2=" ">
<subfield code="6">260-04/</subfield>
<subfield code="a">القاهرة :</subfield>
<subfield code="b">المطبعة السلفية ومكتبتها،</subfield>
<subfield code="c">١٩٦٨.</subfield>
</datafield>
<datafield tag="880" ind1="1" ind2=" ">
<subfield code="6">700-05/</subfield>
<subfield code="a">خطيب، محب الدين.</subfield>
</datafield>
<datafield tag="OWN" ind1=" " ind2=" ">
<subfield code="a">GENERAL</subfield>
</datafield>
<datafield tag="998" ind1=" " ind2=" ">
<subfield code="a">20000619</subfield>
<subfield code="d">20000619</subfield>
<subfield code="d">20011005</subfield>
<subfield code="n">NNU</subfield>
<subfield code="s">1</subfield>
<subfield code="t">c</subfield>
<subfield code="z">p</subfield>
</datafield>
<datafield tag="AVA" ind1=" " ind2=" ">
<subfield code="a">NYU50</subfield>
<subfield code="b">BOBST</subfield>
<subfield code="c">Main Collection</subfield>
<subfield code="d">CS1128.Y4 H3</subfield>
<subfield code="e">unavailable</subfield>
<subfield code="t">Unavailable</subfield>
<subfield code="f">1</subfield>
<subfield code="g">1</subfield>
<subfield code="h">N</subfield>
<subfield code="i">0</subfield>
<subfield code="j">MAIN</subfield>
<subfield code="k">0</subfield>
</datafield>
</record>
